@ARTICLE{PapadiPSL:J:08,
author = {P. Papadimitratos and M. Poturalski and P. Schaller and P. Lafourcade and\
D. Basin and S. \v{C}apkun and J.-P. Hubaux},
title = {{S}ecure {N}eighborhood {D}iscovery: {A} {F}undamental {E}lement for {M}obile\
{A}d {H}oc {N}etworking},
journal = {{IEEE} {C}ommunications {M}agazine},
volume = {46},
number = {2},
pages = {132--139},
month = {February},
year = {2008}
}

@ARTICLE{poturalski2013, author = {Poturalski, M. and Papadimitratos, P. and Hubaux, J.-P. },
title = {{Formal Analysis of Secure Neighbor Discovery in Wireless Networks} },
journal = {IEEE Transactions on Dependable and Secure Computing (IEEE TDSC) },
year = {2013 },
comment = {to appear} 
}

@INPROCEEDINGS{ShokriPRPH:C:09,
author = {R. Shokri and M. Poturalski and G. Ravot and P. Papadimitratos and J.-P. Hubaux},
title = {A {P}ractical {S}ecure {N}eighbor {V}erification
{P}rotocol for {W}ireless {S}ensor {N}etworks},
booktitle = {Second {ACM} {C}onference on {W}ireless {N}etwork {S}ecurity ({W}i{S}ec'09)},
address = {Zurich, Switzerland},
month = {March},
year = {2009}
}

@ARTICLE{thevenon13, author = {P. Thevenon, and O. Savry.},
title = {{Implementation of a Countermeasure to Relay Attacks for Contactless HF Systems, Radio Frequency Identification from System to Applications} },
journal = {InTech, DOI: 10.5772/53393.},
year = {2013},
}

@misc{infotec,
  title = {{Wireless Attacks Unleashed}},
  howpublished = {\url{http://resources.infosecinstitute.com/wireless-attacks-unleashed/}},
  note = {Accessed: 2016-11-24}
}

