@Inbook{Brands1994,
author="Brands, Stefan and Chaum, David",
title="Distance-Bounding Protocols",
bookTitle="Advances in Cryptology --- EUROCRYPT '93: Workshop on the Theory and Application of Cryptographic Techniques Lofthus, Norway, May 23--27, 1993 Proceedings",
year="1994",
publisher="Springer Berlin Heidelberg",
address="Berlin, Heidelberg",
pages="344--359",
isbn="978-3-540-48285-7",
doi="10.1007/3-540-48285-7_30",
url="http://dx.doi.org/10.1007/3-540-48285-7_30"
}

@article{fiore13,
 author = {Fiore, Marco and Casetti, Claudio and Chiasserini, Carla-Fabiana and Papadimitratos, Panagiotis},
 title = {Discovery and Verification of Neighbor Positions in Mobile Ad Hoc Networks},
 journal = {IEEE Transactions on Mobile Computing},
 issue_date = {February 2013},
 volume = {12},
 number = {2},
 month = feb,
 year = {2013},
 issn = {1536-1233},
 pages = {289--303},
 numpages = {15},
 url = {http://dx.doi.org/10.1109/TMC.2011.258},
 doi = {10.1109/TMC.2011.258},
 acmid = {2420878},
 publisher = {IEEE Educational Activities Department},
 address = {Piscataway, NJ, USA},
 keywords = {Neighbor position verification, mobile ad hoc networks, vehicular networks},
} 
